@incollection {mumford,
    AUTHOR = {Mumford, David},
     TITLE = {Elastica and computer vision},
 BOOKTITLE = {Algebraic geometry and its applications ({W}est {L}afayette,
              {IN}, 1990)},
     PAGES = {491--506},
 PUBLISHER = {Springer, New York},
      YEAR = {1994},
   MRCLASS = {92J30 (14K25 53A04 68T01 68U10)},
  MRNUMBER = {1272050},
MRREVIEWER = {J. S. Joel},
}

@Article{ahe,
author="Boscain, Ugo V.
and Chertovskih, Roman
and Gauthier, Jean-Paul
and Prandi, Dario
and Remizov, Alexey",
title="Highly Corrupted Image Inpainting Through Hypoelliptic Diffusion",
journal="Journal of Mathematical Imaging and Vision",
year="2018",
issn="1573-7683",
doi="10.1007/s10851-018-0810-4",
url="https://doi.org/10.1007/s10851-018-0810-4"
}


@article{Bredies13,
author = {Bredies, K and Pock, T and Wirth, B},
file = {:Users/darioprandi/Documents/Math Papers/Bredies, Pock, Wirth - 2013 - Convex Relaxation of a Class of Vertex Penalizing Functionals.pdf:pdf},
journal = {J. Math. Imaging Vis.},
number = {3},
pages = {278--302},
title = {{Convex Relaxation of a Class of Vertex Penalizing Functionals}},
volume = {47},
year = {2013}
}

@article{Daugman1985,
author = {Daugman, John G.},
doi = {10.1364/JOSAA.2.001160},
issn = {1084-7529},
journal = {J. Opt. Soc. Am. A},
number = {7},
pages = {1160},
publisher = {OSA},
shorttitle = {J. Opt. Soc. Am. A},
title = {{Uncertainty relation for resolution in space, spatial frequency, and orientation optimized by two-dimensional visual cortical filters}},
url = {http://josaa.osa.org/abstract.cfm?URI=josaa-2-7-1160},
volume = {2},
year = {1985}
}

@ARTICLE{gros-papier,
   author = {{Prandi}, D. and {Gauthier}, J.-P.},
    title = "{A semidiscrete version of the Petitot model as a plausible model for anthropomorphic image reconstruction and pattern recognition}",
  journal = {ArXiv e-prints},
archivePrefix = "arXiv",
   eprint = {1704.03069},
 primaryClass = "cs.CV",
 keywords = {Computer Science - Computer Vision and Pattern Recognition, Mathematics - Analysis of PDEs, Mathematics - Representation Theory},
     year = 2017,
   adsurl = {http://adsabs.harvard.edu/abs/2017arXiv170403069P},
  adsnote = {Provided by the SAO/NASA Astrophysics Data System}
}


@book{petitot-libro,
  title={Neurog{\'e}om{\'e}trie de la vision: modeles mathematiques et physiques des architectures fonctionnelles},
  author={Petitot, Jean},
  year={2008},
  publisher={Editions Ecole Polytechnique}
}

@article{petitot,
  title={Vers une neurog{\'e}om{\'e}trie. Fibrations corticales, structures de contact et contours subjectifs modaux},
  author={Petitot, Jean and Tondut, Yannick},
  journal={Math{\'e}matiques informatique et sciences humaines},
  volume={145},
  pages={5--102},
  year={1999},
  publisher={[Paris]: Editions de l'Ecole des hautes etudes en sciences sociales, 1988-1999.}
}

@article{hubel,
  title={Receptive fields, binocular interaction and functional architecture in the cat's visual cortex},
  author={Hubel, David H and Wiesel, Torsten N},
  journal={The Journal of physiology},
  volume={160},
  number={1},
  pages={106--154},
  year={1962},
  publisher={Wiley Online Library}
}


@article{hoffman,
  title={The visual cortex is a contact bundle},
  author={Hoffman, William C},
  journal={Applied Mathematics and Computation},
  volume={32},
  number={2-3},
  pages={137--167},
  year={1989},
  publisher={Elsevier}
}


@article{citti-sarti,
author = {Citti, G. and Sarti, A.},
journal = {J. Math. Imaging Vis.},
number = {3},
pages = {307--326},
title = {A Cortical Based Model of Perceptual Completion in the Roto-Translation Space},
url = {http://link.springer.com/10.1007/s10851-005-3630-2},
volume = {24},
year = {2006}
}


@article {Hladky,
    AUTHOR = {Hladky, Robert K. and Pauls, Scott D.},
     TITLE = {Minimal surfaces in the roto-translation group with
              applications to a neuro-biological image completion model},
   JOURNAL = {J. Math. Imaging Vision},
  FJOURNAL = {Journal of Mathematical Imaging and Vision},
    VOLUME = {36},
      YEAR = {2010},
    NUMBER = {1},
     PAGES = {1--27},
      ISSN = {0924-9907},
     CODEN = {JMIVEK},
   MRCLASS = {53C17 (94A08)},
  MRNUMBER = {2579306 (2012a:53049)},
       DOI = {10.1007/s10851-009-0167-9},
       URL = {http://dx.doi.org/10.1007/s10851-009-0167-9},
}


@article{Remizov2013,
    AUTHOR = {Boscain, U. and Chertovskih, R. A. and Gauthier, J. P. and
              Remizov, A. O.},
     TITLE = {Hypoelliptic diffusion and human vision: a semidiscrete new
              twist},
   JOURNAL = {SIAM J. Imaging Sci.},
  FJOURNAL = {SIAM Journal on Imaging Sciences},
    VOLUME = {7},
      YEAR = {2014},
    NUMBER = {2},
     PAGES = {669--695},
      ISSN = {1936-4954},
   MRCLASS = {94A08},
  MRNUMBER = {3196939},
       DOI = {10.1137/130924731},
       URL = {http://dx.doi.org/10.1137/130924731},
}


@article{Boscain2012a,
author = {Boscain, U. and Duplaix, J. and Gauthier, J.-P. and Rossi, F.},
journal = {SIAM J. Control Optim.},
pages = {1--25},
volume = 50,
number =3,
title = {{Anthropomorphic image reconstruction via hypoelliptic diffusion}},
url = {http://epubs.siam.org/doi/abs/10.1137/11082405X},
year = {2012}
}


@INPROCEEDINGS{Duits2008,
  author = {R Duits and M A van Almsick},
  title = {The explicit solutions of linear left-invariant second order stochastic evolution equations on the {2D} euclidean motion group},
  booktitle = {Quart. Appl. Math.},
  volume = {66},
  pages = {27--67},
  year = {2008}
}

@article {Duits2010a,
    AUTHOR = {Duits, Remco and Franken, Erik},
     TITLE = {Left-invariant parabolic evolutions on {${\rm SE}(2)$} and
              contour enhancement via invertible orientation scores {P}art
              {II}: nonlinear left-invariant diffusions on invertible
              orientation scores},
   JOURNAL = {Quart. Appl. Math.},
  FJOURNAL = {Quarterly of Applied Mathematics},
    VOLUME = {68},
      YEAR = {2010},
    NUMBER = {2},
     PAGES = {293--331},
      ISSN = {0033-569X},
     CODEN = {QAMAAY},
   MRCLASS = {94A08 (35R03 37L05)},
  MRNUMBER = {2663002 (2011d:94010)},
MRREVIEWER = {Igor D. Chueshov},
}


@article {Duits2010,
    AUTHOR = {Duits, Remco and Franken, Erik},
     TITLE = {Left-invariant parabolic evolutions on {${\rm SE}(2)$} and
              contour enhancement via invertible orientation scores {P}art
              {I}: linear left-invariant diffusion equations on {${\rm
              SE}(2)$}},
   JOURNAL = {Quart. Appl. Math.},
  FJOURNAL = {Quarterly of Applied Mathematics},
    VOLUME = {68},
      YEAR = {2010},
    NUMBER = {2},
     PAGES = {255--292},
      ISSN = {0033-569X},
     CODEN = {QAMAAY},
   MRCLASS = {94A08 (35R03 37L05)},
  MRNUMBER = {2663001 (2011d:94009)},
MRREVIEWER = {Igor D. Chueshov},
}

@article {Duits2014,
    AUTHOR = {Duits, R. and Boscain, U. and Rossi, F. and Sachkov, Y.},
     TITLE = {Association fields via cuspless sub-{R}iemannian geodesics in
              {SE}(2)},
   JOURNAL = {J. Math. Imaging Vision},
  FJOURNAL = {Journal of Mathematical Imaging and Vision},
    VOLUME = {49},
      YEAR = {2014},
    NUMBER = {2},
     PAGES = {384--417},
      ISSN = {0924-9907},
   MRCLASS = {93B27},
  MRNUMBER = {3197347},
       DOI = {10.1007/s10851-013-0475-y},
       URL = {http://dx.doi.org/10.1007/s10851-013-0475-y},
}

@article {Boscain2014,
    AUTHOR = {Boscain, Ugo and Duits, Remco and Rossi, Francesco and
              Sachkov, Yuri},
     TITLE = {Curve cuspless reconstruction {\it via} sub-{R}iemannian
              geometry},
   JOURNAL = {ESAIM Control Optim. Calc. Var.},
  FJOURNAL = {ESAIM. Control, Optimisation and Calculus of Variations},
    VOLUME = {20},
      YEAR = {2014},
    NUMBER = {3},
     PAGES = {748--770},
      ISSN = {1292-8119},
   MRCLASS = {49J10 (49Q05)},
  MRNUMBER = {3264222},
       DOI = {10.1051/cocv/2013082},
       URL = {http://dx.doi.org/10.1051/cocv/2013082},
}


@article{pinwheel,
  title={The neurogeometry of pinwheels as a sub-Riemannian contact structure},
  author={Petitot, Jean},
  journal={Journal of Physiology-Paris},
  volume={97},
  number={2},
  pages={265--309},
  year={2003},
  publisher={Elsevier}
}



@article {nostrolibro,
    AUTHOR = {Agrachev, Andrei and Barilari, Davide and Boscain, Ugo},
     TITLE = {Introduction to {R}iemannian and sub-{R}iemannian geometry ({L}ecture {N}otes), http://people.sissa.it/agrachev/agrachev\_files/notes.html},
     YEAR={2017},
   JOURNAL = {},
   SERIES = {http://people.sissa.it/agrachev/agrachev\_files/notes.html }
}



@article{ardentov,
  title={Parallel algorithm and software for image inpainting via sub-Riemannian minimizers on the group of rototranslations},
  author={Mashtakov, Alexey P and Ardentov, Andrei A and Sachkov, Yuri L},
  journal={Numerical Mathematics: Theory, Methods and Applications},
  volume={6},
  number={1},
  pages={95--115},
  year={2013},
  publisher={Cambridge University Press}
}


@article {yuri1,
    AUTHOR = {Moiseev, Igor and Sachkov, Yuri L.},
     TITLE = {Maxwell strata in sub-{R}iemannian problem on the group of
              motions of a plane},
   JOURNAL = {ESAIM Control Optim. Calc. Var.},
  FJOURNAL = {ESAIM. Control, Optimisation and Calculus of Variations},
    VOLUME = {16},
      YEAR = {2010},
    NUMBER = {2},
     PAGES = {380--399},
      ISSN = {1292-8119},
   MRCLASS = {49J15 (53C17 93B27 93C10)},
  MRNUMBER = {2654199},
MRREVIEWER = {Paolo Piccione},
       URL = {https://doi.org/10.1051/cocv/2009004},
}

@article {leandre1,
    AUTHOR = {L\'eandre, R\'emi},
     TITLE = {Majoration en temps petit de la densit\'e d'une diffusion
              d\'eg\'en\'er\'ee},
   JOURNAL = {Probab. Theory Related Fields},
  FJOURNAL = {Probability Theory and Related Fields},
    VOLUME = {74},
      YEAR = {1987},
    NUMBER = {2},
     PAGES = {289--294},
      ISSN = {0178-8051},
   MRCLASS = {60J60},
  MRNUMBER = {871256},
MRREVIEWER = {Jacques Vauthier},
       URL = {https://doi.org/10.1007/BF00569994},
}

@article {leandre2,
    AUTHOR = {L\'eandre, R\'emi},
     TITLE = {Minoration en temps petit de la densit\'e d'une diffusion
              d\'eg\'en\'er\'ee},
   JOURNAL = {J. Funct. Anal.},
  FJOURNAL = {Journal of Functional Analysis},
    VOLUME = {74},
      YEAR = {1987},
    NUMBER = {2},
     PAGES = {399--414},
      ISSN = {0022-1236},
   MRCLASS = {60J60 (47D07 58G11 60H07)},
  MRNUMBER = {904825},
MRREVIEWER = {Ana Bela Cruzeiro},
       URL = {https://doi.org/10.1016/0022-1236(87)90031-0},
}

@article {achdou,
    AUTHOR = {Achdou, Yves and Tchou, Nicoletta},
     TITLE = {A finite difference scheme on a non commutative group},
   JOURNAL = {Numer. Math.},
  FJOURNAL = {Numerische Mathematik},
    VOLUME = {89},
      YEAR = {2001},
    NUMBER = {3},
     PAGES = {401--424},
      ISSN = {0029-599X},
   MRCLASS = {65N06 (35J70)},
  MRNUMBER = {1864424},
       URL = {https://doi.org/10.1007/PL00005472},
}

@article{brezzloff,
  title={Geometric visual hallucinations, Euclidean symmetry and the functional architecture of striate cortex},
  author={Bressloff, Paul C and Cowan, Jack D and Golubitsky, Martin and Thomas, Peter J and Wiener, Matthew C},
  journal={Philosophical Transactions of the Royal Society of London B: Biological Sciences},
  volume={356},
  number={1407},
  pages={299--330},
  year={2001},
  publisher={The Royal Society}
}


----------------------------------------------------------------------------------------------------------------------------------------



@proceeding{voronin,
author = {Voronin, V. V. and Frantc, V. A. and Marchuk, V. I. and Sherstobitov, A. I. and Egiazarian, K.},
title = {
No-reference visual quality assessment for image inpainting
},
journal = {Proc. SPIE},
volume = {9399},
number = {},
pages = {93990U-93990U-8},
abstract = {
Inpainting has received a lot of attention in recent years and quality assessment is an important task to evaluate different image reconstruction approaches. In many cases inpainting methods introduce a blur in sharp transitions in image and image contours in the recovery of large areas with missing pixels and often fail to recover curvy boundary edges. Quantitative metrics of inpainting results currently do not exist and researchers use human comparisons to evaluate their methodologies and techniques. Most objective quality assessment methods rely on a reference image, which is often not available in inpainting applications. Usually researchers use subjective quality assessment by human observers. It is difficult and time consuming procedure. This paper focuses on a machine learning approach for no-reference visual quality assessment for image inpainting based on the human visual property. Our method is based on observation that Local Binary Patterns well describe local structural information of the image. We use a support vector regression learned on assessed by human images to predict perceived quality of inpainted images. We demonstrate how our predicted quality value correlates with qualitative opinion in a human observer study. Results are shown on a human-scored dataset for different inpainting methods.
},
year = {2015},
doi = {10.1117/12.2076507},
URL = { http://dx.doi.org/10.1117/12.2076507},
eprint = {}
}

@proceeding{zhang,
author = {Zhang, Fan and Li, Songnan and Ma, Lin and Ngan, King Ngi},
title = {Limitation and challenges of image quality measurement},
journal = {Proc. SPIE},
volume = {7744},
number = {},
pages = {774402-774402-8},
abstract = {Subjectively-rated image databases have become increasingly popular in the evaluation of image quality measurement algorithms. Several groups recently have improved their metrics' performance in matching these databases, using particular HVS (human visual system) properties or image statistical models. However, it is difficult to know whether these improvements are due to progress towards mimicking the perceptual properties, or are due to matching some characteristics of the databases. This paper demonstrates an inherent limitation in using such databases, showing that our very simple metric, built on the contrast masking effect, is able to perform as good as many state-of-the-art metrics. It is also argued that existent databases neither contain enough images with particularly biased distortions to test the significance of single HVS property, nor cover diverse distortion types to reflect the requirement of emerging applications.},
year = {2010},
doi = {10.1117/12.863083},
URL = { http://dx.doi.org/10.1117/12.863083},
eprint = {}
}

@inproceedings{Ponomarenko,
 author = {Ponomarenko, Nikolay and Jin, Lina and Lukin, Vladimir and Egiazarian, Karen},
 title = {Self-similarity Measure for Assessment of Image Visual Quality},
 booktitle = {Proceedings of the 13th International Conference on Advanced Concepts for Intelligent Vision Systems},
 series = {ACIVS'11},
 year = {2011},
 isbn = {978-3-642-23686-0},
 location = {Ghent, Belgium},
 pages = {459--470},
 numpages = {12},
 url = {http://dl.acm.org/citation.cfm?id=2034246.2034293},
 acmid = {2034293},
 publisher = {Springer-Verlag},
 address = {Berlin, Heidelberg},
 keywords = {discrete cosine transform, full reference image visual quality, human perception, human visual system, image self-similarity},
} 


@article{cao,
author = {Fr\'ed\'eric Cao and Yann Gousseau and Simon Masnou and Patrick P\'erez},
title = {Geometrically Guided Exemplar-Based Inpainting},
journal = {SIAM Journal on Imaging Sciences},
volume = {4},
number = {4},
pages = {1143-1179},
year = {2011},
doi = {10.1137/110823572},

URL = { 
        http://dx.doi.org/10.1137/110823572
    
},
eprint = { 
        http://dx.doi.org/10.1137/110823572
    
}

}

@article {Bohi2017,
    AUTHOR = {Bohi, Amine and Prandi, Dario and Guis, Vincente and Bouchara,
              Fr\'ed\'eric and Gauthier, Jean-Paul},
     TITLE = {Fourier {D}escriptors {B}ased on the {S}tructure of the
              {H}uman {P}rimary {V}isual {C}ortex with {A}pplications to
              {O}bject {R}ecognition},
   JOURNAL = {J. Math. Imaging Vision},
  FJOURNAL = {Journal of Mathematical Imaging and Vision},
    VOLUME = {57},
      YEAR = {2017},
    NUMBER = {1},
     PAGES = {117--133},
      ISSN = {0924-9907},
   MRCLASS = {94A08},
  MRNUMBER = {3592846},
       DOI = {10.1007/s10851-016-0669-1},
       URL = {http://dx.doi.org/10.1007/s10851-016-0669-1},
}

@INPROCEEDINGS{Sanguinetti,
  author = {G. Sanguinetti and G. Citti and A. Sarti},
  title = {Image completion using a diffusion driven mean curvature flow in a sub-Riemannian space},
  booktitle = {Proceedings of the 3rd International Conference on Computer Vision Theory and Applications (VISAPP 2008)},
  volume = {2},
  pages = {46--53},
  year = {2008}
}



@inproceedings{visionCDC,
  Author = {Boscain, U. and Gauthier, J.-P. and Prandi, D. and Remizov, A.},
  Booktitle = {{53rd IEEE Conference on Decision and Control}},
  Pages = {4278--4283},
  Title = {{Image reconstruction via non-isotropic diffusion in Dubins/Reed-Shepp-like control systems}},
  Year = {2014}}


@article{Masnou2002,
author = {Masnou, S},
journal = {IEEE Trans. Image Process.},
volume = 11,
number = 2,
pages = "68--76",
title = {{Disocclusion: a variational approach using level lines}},
url = {http://ieeexplore.ieee.org/xpls/abs\_all.jsp?arnumber=982815},
year = {2002}
}

@article{HUBEL1959a,
author = {Hubel, D.H. and Wiesel, T.N.},
journal = {J. Physiol.},
pages = {574--591},
title = {{Receptive fields of single neurones in the cat's striate cortex}},
volume = {148},
year = {1959}
}

@article{Huang1979,
author = {Huang, T. and Yang, G. and Tang, G.},
journal = {IEEE Trans. Acoust.},
number = {1},
title = {{A fast two-dimensional median filtering algorithm}},
volume = {27},
pages = {13--18},
year = {1979}
}

@book{Marchuk1982,
author = {Marchuk, G.I.},
publisher = {Springer},
title = {{Methods of Numerical Mathematics}},
year = {1982}
}

@inproceedings{Masnou1998,
author = {Masnou, S. and Morel, J.-M.},
booktitle = {Proc. 5th IEEE Int. Conf. on Image Processing},
pages = {259--263},
volume =  {3},
number = {4--7},
title = {{Level lines based disocclusion}},
year = {1998}
}

@article{Arnold,
author = {Arnold, V. I.},
journal = {Butl. Soc. Catalana Mat.},
number = {1},
pages = {7--26},
title = {{"Hard'' and "soft'' mathematical models}},
volume = {13},
year = {1998}
}

@inproceedings{Bertalmio2000,
author = {Bertalmio, M. and Sapiro, G. and Caselles, V. and Ballester, C.},
doi = {10.1145/344779.344972},
booktitle = {Proc. of SIGGRAPH 2000, New Orleans, USA, July},
title = {{Image inpainting}},
pages = {417--424},
year = {2000}
}
@article{Chan2002,
author = {Chan, T.F. and Kang, S.H. and Shen, J.},
journal = {SIAM J. Appl. Math.},
title = {{Euler's elastica and curvature-based inpainting}},
volume = 63,
number =2,
pages = {564--592},
url = {http://www.jstor.org/stable/3648784},
year = {2002}
}
@article{Petitot2003,
author = {Petitot, J.},
journal = {J. Physiol. Paris},
number = {2-3},
pages = {265--309},
title = {{The neurogeometry of pinwheels as a sub-Riemannian contact structure}},
volume = {97},
year = {2003}
}
@article{Criminisi2004a,
author = {Criminisi, A. and P\'{e}rez, P. and Toyama, K.},
journal = {IEEE Trans. Image Process.},
number = {9},
title = {{Region filling and object removal by exemplar-based image inpainting}},
url = {http://research.microsoft.com/pubs/67276/criminisi\_tip2004.pdf http://ieeexplore.ieee.org/xpls/abs\_all.jsp?arnumber=1323101},
volume = {13},
year = {2004}
}

@book{Petitot2008,
author = {Petitot, J.},
publisher = {Les \'{E}ditions de l'\'{E}cole Polytechnique},
title = {{Neurog\'{e}om\'{e}trie de la vision - Mod\`{e}les math\'{e}matiques et physiques des architectures fonctionnelles}},
year = {2008}
}
@article{Bugeau2010,
author = {Bugeau, A. and Bertalm\'{\i}o, M. and Caselles, V. and Sapiro, G.},
journal = {IEEE Trans. Image Process.},
number = {10},
pages = {2634--45},
title = {{A comprehensive framework for image inpainting}},
url = {http://www.ncbi.nlm.nih.gov/pubmed/20435541},
volume = {19},
year = {2010}
}
@article{Wang2013,
author = {Wang, M and Yan, B and Ngan, K Ngi},
journal = {Signal Process. Image Commun.},
title = {{An efficient framework for image/video inpainting}},
volume = 28,
number = 7,
pages = {753--762},
url = {http://www.sciencedirect.com/science/article/pii/S0923596513000416},
year = {2013}
}

@article{Peichl1979,
author = {Peichl, L and W\"{a}ssle, H},
journal = {J. Physiol.},
pages = {117--141},
title = {{Size, scatter and coverage of ganglion cell receptive field centres in the cat retina}},
volume = {291},
year = {1979}
}

@article{Marr1980,
author = {Marr, D and Hildreth, E},
journal = {Proc. R. Soc. Lond. B. Biol. Sci.},
number = {1167},
pages = {187--217},
title = {{Theory of edge detection}},
volume = {207},
year = {1980}
}

@article {Boscain2010,
    AUTHOR = {Boscain, Ugo and Charlot, Gr{\'e}goire and Rossi, Francesco},
     TITLE = {Existence of planar curves minimizing length and curvature},
   JOURNAL = {Proc. Steklov Inst. Math.},
    VOLUME = {270},
      YEAR = {2010},
     PAGES = {43--56},
      ISSN = {0371-9685},
       URL = {http://dx.doi.org/10.1134/S0081543810030041}
}

@article{Citti2016,
author = {G. Citti and B. Franceschiello and G. Sanguinetti and A. Sarti},
title = {Sub-Riemannian Mean Curvature Flow for Image Processing},
journal = {SIAM J. Imaging Sci.},
volume = {9},
number = {1},
pages = {212-237},
year = {2016},
URL = {http://dx.doi.org/10.1137/15M1013572}
}

@Incollection{Facciolo,
author="Facciolo, Gabriele
and Arias, Pablo
and Caselles, Vicent
and Sapiro, Guillermo",
editor="Cremers, Daniel
and Boykov, Yuri
and Blake, Andrew
and Schmidt, Frank R.",
title="Exemplar-based interpolation of sparsely sampled images",
bookTitle="Energy Minimization Methods in Computer Vision and Pattern Recognition: 7th International Conference EMMCVPR 2009 (Bonn, Germany, August 24--27, 2009) Proceedings",
year="2009",
publisher="Springer",
pages="331--344",
isbn="978-3-642-03641-5",
doi="10.1007/978-3-642-03641-5_25",
url="http://dx.doi.org/10.1007/978-3-642-03641-5_25"
}

@book{Weickert,
author="Weickert, Joachim",
title="Anisotropic Diffusion in Image Processing",
publisher="Teubner-Verlag, Stuttgart, Germany",
year=1998
}

@Article{GWWBBS,
author="Gali{\'{c}}, Irena
and Weickert, Joachim
and Welk, Martin
and Bruhn, Andr{\'e}s
and Belyaev, Alexander
and Seidel, Hans-Peter",
title="Image Compression with Anisotropic Diffusion",
journal="Journal of Mathematical Imaging and Vision",
year="2008",
volume="31",
number="2",
pages="255--269",
issn="1573-7683",
doi="10.1007/s10851-008-0087-0",
url="https://doi.org/10.1007/s10851-008-0087-0"
}

@Article{Tschum,
author="Tschumperl{\'e}, David",
title="Fast Anisotropic Smoothing of Multi-Valued Images using Curvature-Preserving {PDE}'s",
journal="International Journal of Computer Vision",
year="2006",
volume="68",
number="1",
pages="65--82",
issn="1573-1405",
doi="10.1007/s11263-006-5631-z",
url="https://doi.org/10.1007/s11263-006-5631-z"
}


